@INPROCEEDINGS{chen2016decentralized,
title={{Decentralized Non-communicating Multiagent Collision Avoidance with Deep Reinforcement Learning}},
author={Chen, Yu Fan and Liu, Miao and Everett, Michael and How, Jonathan P.},
booktitle={2017 IEEE International Conference on Robotics and Automation (ICRA)},  
year={2017},
volume={},
number={},
pages={285-292},
doi={10.1109/ICRA.2017.7989037}
}

@INPROCEEDINGS{chen2018socially,
title={{Socially Aware Motion Planning with Deep Reinforcement Learning}},
author={Chen, Yu Fan and Everett, Michael and Liu, Miao and How, Jonathan P.},
booktitle={2017 IEEE/RSJ International Conference on Intelligent Robots and Systems (IROS)}, 
year={2017},
volume={},
number={},
pages={1343-1350},
doi={10.1109/IROS.2017.8202312}
}

@INPROCEEDINGS{everett2018motion,
title={{Motion Planning Among Dynamic, Decision-Making Agents with Deep Reinforcement Learning}},
author={Everett, Michael and Chen, Yu Fan and How, Jonathan P.},
booktitle={2018 IEEE/RSJ International Conference on Intelligent Robots and Systems (IROS)}, 
year={2018},
volume={},
number={},
pages={3052-3059},
doi={10.1109/IROS.2018.8593871}
}

@ARTICLE{semnani2020multiagent,
title={{Multi-agent Motion Planning for Dense and Dynamic Environments via Deep Reinforcement Learning}},
author={Semnani, Samaneh Hosseini and Liu, Hugh and Everett, Michael and de Ruiter, Anton and How, Jonathan P.},
journal={IEEE Robotics and Automation Letters}, 
year={2020},
volume={5},
number={2},
pages={3221-3226},
doi={10.1109/LRA.2020.2974695}
}

@INPROCEEDINGS{long2018optimally,
title={{Towards Optimally Decentralized Multi-Robot Collision Avoidance via Deep Reinforcement Learning}},
author={Long, Pinxin and Fan, Tingxiang and Liao, Xinyi and Liu, Wenxi and Zhang, Hao and Pan, Jia},
booktitle={2018 IEEE International Conference on Robotics and Automation (ICRA)}, 
year={2018},
volume={},
number={},
pages={6252-6259},
doi={10.1109/ICRA.2018.8461113}
}

@ARTICLE{aradi2020survey,
title={{Survey of Deep Reinforcement Learning for Motion Planning of Autonomous Vehicles}},
author={Aradi, Szilárd},
journal={IEEE Transactions on Intelligent Transportation Systems}, 
year={2022},
volume={23},
number={2},
pages={740-759},
doi={10.1109/TITS.2020.3024655}
}

@ARTICLE{wang2020mrcdrl,
title={{MRCDRL: Multi-Robot Coordination with Deep Reinforcement Learning}},
author = {Di Wang and Hongbin Deng and Zhenhua Pan},
journal = {Neurocomputing},
volume = {406},
pages = {68-76},
year = {2020},
issn = {0925-2312},
doi = {https://doi.org/10.1016/j.neucom.2020.04.028},
url = {https://www.sciencedirect.com/science/article/pii/S0925231220305932}
}

@ARTICLE{zhou2019learn,
title={{Learn to Navigate: Cooperative Path Planning for Unmanned Surface Vehicles Using Deep Reinforcement Learning}},
author={Zhou, Xinyuan and Wu, Peng and Zhang, Haifeng and Guo, Weihong and Liu, Yuanchang},
journal={IEEE Access},
year={2019},
volume={7},
number={},
pages={165262-165278},
doi={10.1109/ACCESS.2019.2953326}
}

@INPROCEEDINGS{9316033,
title={{Decentralized Motion Planning for Multi-Robot Navigation using Deep Reinforcement Learning}},
author={Sivanathan, K. and Vinayagam, B. K. and Samak, Tanmay and Samak, Chinmay},
booktitle={2020 3rd International Conference on Intelligent Sustainable Systems (ICISS)}, 
year={2020},
volume={},
number={},
pages={709-716},
doi={10.1109/ICISS49785.2020.9316033},
url={https://doi.org/10.1109/ICISS49785.2020.9316033}
}

@ARTICLE{fuchs2020,
title={{Super-Human Performance in Gran Turismo Sport Using Deep Reinforcement Learning}},
author={Florian Fuchs and Yunlong Song and Elia Kaufmann and Davide Scaramuzza and Peter Dürr},
journal={IEEE Robotics and Automation Letters},
year={2021},
volume={6},
number={3},
pages={4257-4264},
doi={10.1109/LRA.2021.3064284}
}

@INPROCEEDINGS{song2021,
title={{Autonomous Overtaking in Gran Turismo Sport Using Curriculum Reinforcement Learning}},
author={Song, Yunlong and Lin, HaoChih and Kaufmann, Elia and Dürr, Peter and Scaramuzza, Davide},
booktitle={2021 IEEE International Conference on Robotics and Automation (ICRA)}, 
year={2021},
volume={},
number={},
pages={9403-9409},
doi={10.1109/ICRA48506.2021.9561049}
}


@MISC{AutoRACE-2021,
title = {{Autonomous Racing using a Hybrid Imitation-Reinforcement Learning Architecture}},
author = {Samak, Chinmay Vilas and Samak, Tanmay Vilas and Kandhasamy, Sivanathan},
keywords = {Robotics (cs.RO), Artificial Intelligence (cs.AI), Machine Learning (cs.LG), Neural and Evolutionary Computing (cs.NE), FOS: Computer and information sciences, FOS: Computer and information sciences},
publisher = {arXiv},
year = {2021},
copyright = {arXiv.org perpetual, non-exclusive license},
doi = {10.48550/ARXIV.2110.05437},
url = {https://arxiv.org/abs/2110.05437}
}

@ARTICLE{9790832,
title={{Autonomous Vehicles on the Edge: A Survey on Autonomous Vehicle Racing}},
author={Betz, Johannes and Zheng, Hongrui and Liniger, Alexander and Rosolia, Ugo and Karle, Phillip and Behl, Madhur and Krovi, Venkat and Mangharam, Rahul},
journal={IEEE Open Journal of Intelligent Transportation Systems},
year={2022},
volume={3},
number={},
pages={458-488},
doi={10.1109/OJITS.2022.3181510}
}

@article{AutoDRIVE2023,
title={{AutoDRIVE: A Comprehensive, Flexible and Integrated Digital Twin Ecosystem for Autonomous Driving Research \& Education}},
author={Samak, Tanmay and Samak, Chinmay and Kandhasamy, Sivanathan and Krovi, Venkat and Xie, Ming},
volume={12},
ISSN={2218-6581},
number={3},
journal={Robotics},
publisher={MDPI AG},
year={2023},
month={May},
pages={77},
DOI={10.3390/robotics12030077},
url={http://dx.doi.org/10.3390/robotics12030077}
}

@MISC{AutoDRIVEReport2022,
title={{AutoDRIVE - Technical Report}}, 
author={Tanmay Vilas Samak and Chinmay Vilas Samak},
year={2022},
eprint={2211.08475},
archivePrefix={arXiv},
primaryClass={cs.RO},
doi={10.48550/arXiv.2211.08475},
url={https://doi.org/10.48550/arXiv.2211.08475}
}

@INPROCEEDINGS{10196233,
title={{Towards Mechatronics Approach of System Design, Verification and Validation for Autonomous Vehicles}},
author={Samak, Chinmay and Samak, Tanmay and Krovi, Venkat},
booktitle={2023 IEEE/ASME International Conference on Advanced Intelligent Mechatronics (AIM)},
year={2023},
volume={},
number={},
pages={1208-1213},
doi={10.1109/AIM46323.2023.10196233},
url={https://doi.org/10.1109/AIM46323.2023.10196233}
}

@ELECTRONIC{F1TENTH2019,
title={{F1/10: An Open-Source Autonomous Cyber-Physical Platform}}, 
author={Matthew O'Kelly and Varundev Sukhil and Houssam Abbas and Jack Harkins and Chris Kao and Yash Vardhan Pant and Rahul Mangharam and Dipshil Agarwal and Madhur Behl and Paolo Burgio and Marko Bertogna},
year={2019},
eprint={1901.08567},
archivePrefix={arXiv},
primaryClass={cs.RO},
url={https://arxiv.org/abs/1901.08567}
}

@INPROCEEDINGS{AutoDRIVESimulator2021,
title = {{AutoDRIVE Simulator: A Simulator for Scaled Autonomous Vehicle Research and Education}},
author = {Samak, Tanmay Vilas and Samak, Chinmay Vilas and Xie, Ming},
year = {2021},
isbn = {9781450390453},
publisher = {Association for Computing Machinery},
address = {New York, NY, USA},
booktitle = {2021 2nd International Conference on Control, Robotics and Intelligent System},
pages = {1–5},
numpages = {5},
keywords = {simulation, research tools, mobile robotics, educational technology, Autonomous driving},
location = {Qingdao, China},
series = {CCRIS'21},
doi = {10.1145/3483845.3483846},
url = {https://doi.org/10.1145/3483845.3483846}
}

@MISC{AutoDRIVESimulatorReport2020,
title={{AutoDRIVE Simulator - Technical Report}},
author={Samak, Tanmay Vilas and Samak, Chinmay Vilas},
keywords={Robotics (cs.RO), FOS: Computer and information sciences, FOS: Computer and information sciences},
publisher={arXiv},
year={2022},
copyright={arXiv.org perpetual, non-exclusive license},
doi={10.48550/arXiv.2211.07022},
url={https://doi.org/10.48550/arXiv.2211.07022}
}

@MISC{RoadRunner2021,
title={{RoadRunner}},
author={{Mathworks Inc.}},
year={2021},
url={https://www.mathworks.com/products/roadrunner.html}
}

@MISC{OpenSCENARIO2021,
title={{OpenSCENARIO}},
author={{Association for Standardization of Automation and Measuring Systems (ASAM)}},
year={2021},
url={https://www.asam.net/standards/detail/openscenario}
}

@MISC{OpenDRIVE2021,
title={{OpenDRIVE}},
author={{Association for Standardization of Automation and Measuring Systems (ASAM)}},
year={2021},
url={https://www.asam.net/standards/detail/opendrive}
}

@MISC{Unity2021,
title={{Unity}},
author={{Unity Technologies}},
year={2021},
url={https://unity.com}
}

@MISC{UnityTerrain2021,
title={{Unity Terrain}},
author={{Unity Technologies}},
year={2021},
url={https://docs.unity3d.com/Manual/script-Terrain.html}
}

@MISC{MLAgents2018,
title = {{Unity: A General Platform for Intelligent Agents}},
author = {Juliani, Arthur and Berges, Vincent-Pierre and Teng, Ervin and Cohen, Andrew and Harper, Jonathan and Elion, Chris and Goy, Chris and Gao, Yuan and Henry, Hunter and Mattar, Marwan and Lange, Danny},
doi={10.48550/ARXIV.1809.02627},
url={https://arxiv.org/abs/1809.02627},
keywords={Machine Learning (cs.LG), Artificial Intelligence (cs.AI), Neural and Evolutionary Computing (cs.NE), Machine Learning (stat.ML), FOS: Computer and information sciences, FOS: Computer and information sciences},
publisher={arXiv},
year={2018},
copyright={arXiv.org perpetual, non-exclusive license}
}

@MISC{PPO2017,
title={Proximal Policy Optimization Algorithms},
author={Schulman, John and Wolski, Filip and Dhariwal, Prafulla and Radford, Alec and Klimov, Oleg},
doi={10.48550/ARXIV.1707.06347},
url={https://arxiv.org/abs/1707.06347},
keywords={Machine Learning (cs.LG), FOS: Computer and information sciences, FOS: Computer and information sciences},
publisher={arXiv},
year={2017},
copyright={arXiv.org perpetual, non-exclusive license}
}

@MISC{ramachandran2017,
title={{\href{https://arxiv.org/pdf/1710.05941.pdf}{Searching for Activation Functions}}},
author={Prajit Ramachandran and Barret Zoph and Quoc V. Le},
year={2017},
eprint={1710.05941},
archivePrefix={arXiv},
primaryClass={cs.NE}
}

@INPROCEEDINGS{bain1995,
title={{\href{http://www.cse.unsw.edu.au/~claude/papers/MI15.pdf}{A Framework for Behavioural Cloning}}},
author={M. Bain and C. Sammut},
booktitle={Machine Intelligence 15},
year={1995}
}

@INPROCEEDINGS{ho2016,
title={{\href{https://dl.acm.org/doi/pdf/10.5555/3157382.3157608}{Generative Adversarial Imitation Learning}}},
author={Jonathan Ho and Stefano Ermon},  
year={2016},
isbn={9781510838819},
publisher={Curran Associates Inc.},
address={Red Hook, NY, USA},
booktitle={Proceedings of the 30th International Conference on Neural Information Processing Systems},
pages={4572–4580},
numpages={9},
location={Barcelona, Spain},
series={NIPS'16}
}

@INPROCEEDINGS{pathak2017,
title={{\href{https://dl.acm.org/doi/pdf/10.5555/3305890.3305968}{Curiosity-Driven Exploration by Self-Supervised Prediction}}},
author={Deepak Pathak and Pulkit Agrawal and Alexei A. Efros and Trevor Darrell},
year={2017},
publisher={JMLR.org},
booktitle={Proceedings of the 34th International Conference on Machine Learning - Volume 70},
pages={2778–2787},
numpages={10},
location={Sydney, NSW, Australia},
series={ICML'17}
}

@misc{samak2023sim2real,
title={{Towards Sim2Real Transfer of Autonomy Algorithms using AutoDRIVE Ecosystem}}, 
author={Chinmay Vilas Samak and Tanmay Vilas Samak and Venkat Krovi},
year={2023},
eprint={2307.13272},
archivePrefix={arXiv},
primaryClass={cs.RO},
doi={10.48550/arXiv.2307.13272},
url={https://doi.org/10.48550/arXiv.2307.13272}
}